%% This BibTeX bibliography file was created using BibDesk.
%% http://bibdesk.sourceforge.net/

%% Created for Alexei Drummond at 2021-09-04 09:50:14 +1200 


%% Saved with string encoding Unicode (UTF-8) 



@article{balavs2012hand,
	author = {Bal{\'a}{\v{s}}, Ji{\v{r}}{\'\i} and Pecha, Ond{\v{r}}ej and Martin, Andrew J and Cochrane, Darryl},
	date-added = {2021-09-04 09:49:59 +1200},
	date-modified = {2021-09-04 09:49:59 +1200},
	journal = {European Journal of Sport Science},
	number = {1},
	pages = {16--25},
	publisher = {Taylor \& Francis},
	title = {Hand--arm strength and endurance as predictors of climbing performance},
	volume = {12},
	year = {2012}}

@article{balavs2014relationship,
	author = {Bal{\'a}{\v{s}}, Ji{\v{r}}{\'\i} and Pan{\'a}{\v{c}}kov{\'a}, Michaela and Strejcov{\'a}, Barbora and Martin, Andrew J and Cochrane, Darryl J and Kal{\'a}b, Milo{\v{s}} and Kodej{\v{s}}ka, Jan and Draper, Nick},
	date-added = {2021-09-04 09:33:03 +1200},
	date-modified = {2021-09-04 09:33:03 +1200},
	journal = {The Scientific World Journal},
	publisher = {Hindawi},
	title = {The relationship between climbing ability and physiological responses to rock climbing},
	volume = {2014},
	year = {2014}}

@book{fechner1860,
	address = {Leipzig},
	annote = {LDR    00590cam  2200193u  4500
001    9220959
005    20060921123630.0
008    820604s1860    gw            000 0 ger  
035    $9(DLC)   32003550
906    $a0$bcbc$cpremunv$du$encip$f19$gy-gencatlg
010    $a   32003550 
040    $aDLC$cCarP$dDLC
050 00 $aBF237$b.F33 1860
100 1  $aFechner, Gustav Theodor,$d1801-1887.
245 00 $aElemente der psychophysik,
260    $aLeipzig,$bBreitkopf und H{\"a}rtel,$c1860.
300    $a2 v. in 1.$c23 cm.
650  0 $aPsychophysiology.
991    $bc-GenColl$hBF237$i.F33 1860$tCopy 1$wPREM
},
	author = {Fechner, Gustav Theodor},
	call-number = {BF237},
	date-added = {2021-09-03 20:31:58 +1200},
	date-modified = {2021-09-03 20:32:18 +1200},
	genre = {Psychophysiology},
	library-id = {32003550},
	publisher = {Breitkopf und H{\"a}rtel},
	title = {Elemente der psychophysik},
	year = {1860}}

@book{1834pulsu,
	date-added = {2021-09-03 20:30:44 +1200},
	date-modified = {2021-09-03 20:30:44 +1200},
	series = {De pulsu, resorptione, auditu et tactu: Annotationes anatomicae et physiologicae},
	title = {De pulsu, resorptione, auditu et tactu: Annotationes anatomicae et physiologicae},
	url = {https://books.google.co.nz/books?id=j7CspFMOQTYC},
	year = {1834},
	Bdsk-Url-1 = {https://books.google.co.nz/books?id=j7CspFMOQTYC}}

@article{mackenzie2020physical,
	author = {MacKenzie, Robert and Monaghan, Linda and Masson, Robert A and Werner, Alice K and Caprez, Tansinee S and Johnston, Lynsey and Kemi, Ole J},
	date-added = {2021-09-03 13:53:43 +1200},
	date-modified = {2021-09-03 13:53:43 +1200},
	journal = {International journal of sports physiology and performance},
	number = {2},
	pages = {168--179},
	publisher = {Human Kinetics},
	title = {Physical and physiological determinants of rock climbing},
	volume = {15},
	year = {2020}}

@article{portugal2011weber,
	author = {Portugal, RD and Svaiter, Benar Fux},
	date-added = {2021-09-03 13:05:58 +1200},
	date-modified = {2021-09-03 13:05:58 +1200},
	journal = {Minds and Machines},
	number = {1},
	pages = {73--81},
	publisher = {Springer},
	title = {Weber-Fechner law and the optimality of the logarithmic scale},
	volume = {21},
	year = {2011}}

@article{glickman1999rating,
	author = {Glickman, Mark E and Jones, Albyn C},
	date-added = {2021-08-09 21:52:04 +1200},
	date-modified = {2021-08-09 21:52:04 +1200},
	journal = {CHANCE-BERLIN THEN NEW YORK-},
	pages = {21--28},
	publisher = {SPRINGER INTERNATIONAL},
	title = {Rating the chess rating system},
	volume = {12},
	year = {1999}}

@book{Elo1978,
	address = {New York},
	annote = {LDR    00847cam  2200265 i 4500
001    2737934
005    20160408110048.0
008    781018s1978    nyua     b    001 0 eng  
906    $a7$bcbc$corignew$d1$eocip$f19$gy-gencatlg
925 0  $aacquire$b1 shelf copy$xpolicy default
010    $a   78024077 
020    $a0668047216 :$c$12.95
035    $9(DLC)   78024077
040    $aDLC$cDLC$dDLC
050 00 $aGV1457.5$b.E44 1978
082 00 $a794.1/092/2
100 1  $aElo, Arpad E.,$d1903-
245 14 $aThe rating of chessplayers, past and present /$cby Arpad E. Elo.
260    $aNew York :$bArco Pub.,$c1978.
300    $a206 p. :$bill. ;$c23 cm.
504    $aBibliography: p. 196-198.
500    $aIncludes index.
650  0 $aChess players$xRating of.
650  0 $aProbabilities.
991    $tCopy 1$bc-GenColl$hGV1457.5$i.E44 1978$wBOOKS
},
	author = {Elo, Arpad E.},
	call-number = {GV1457.5},
	date-added = {2021-08-09 21:49:57 +1200},
	date-modified = {2021-08-09 21:50:12 +1200},
	dewey-call-number = {794.1/092/2},
	genre = {Chess players},
	isbn = {0668047216},
	library-id = {78024077},
	publisher = {Arco Pub.},
	title = {The rating of chessplayers, past and present},
	year = {1978}}

@inproceedings{maystre2019pairwise,
	author = {Maystre, Lucas and Kristof, Victor and Grossglauser, Matthias},
	booktitle = {Proceedings of the 25th ACM SIGKDD International Conference on Knowledge Discovery \& Data Mining},
	date-added = {2021-08-09 21:32:29 +1200},
	date-modified = {2021-08-09 21:32:29 +1200},
	pages = {1236--1246},
	title = {Pairwise comparisons with flexible time-dynamics},
	year = {2019}}

@article{zermelo1929berechnung,
	author = {Zermelo, Ernst},
	date-added = {2021-08-09 21:28:02 +1200},
	date-modified = {2021-08-09 21:28:02 +1200},
	journal = {Mathematische Zeitschrift},
	number = {1},
	pages = {436--460},
	publisher = {Springer},
	title = {Die berechnung der turnier-ergebnisse als ein maximumproblem der wahrscheinlichkeitsrechnung},
	volume = {29},
	year = {1929}}

@article{krese2021bayesian,
	author = {Krese, Bla{\v{z}} and {\v{S}}trumbelj, Erik},
	date-added = {2021-08-09 19:25:34 +1200},
	date-modified = {2021-08-09 19:25:34 +1200},
	journal = {PloS one},
	number = {5},
	pages = {e0251945},
	publisher = {Public Library of Science San Francisco, CA USA},
	title = {A Bayesian approach to time-varying latent strengths in pairwise comparisons},
	volume = {16},
	year = {2021}}

@article{bradley1952rank,
	author = {Bradley, Ralph Allan and Terry, Milton E},
	date-added = {2021-08-09 18:33:28 +1200},
	date-modified = {2021-08-09 18:33:28 +1200},
	journal = {Biometrika},
	number = {3/4},
	pages = {324--345},
	publisher = {JSTOR},
	title = {Rank analysis of incomplete block designs: I. The method of paired comparisons},
	volume = {39},
	year = {1952}}

@article{carpenter2017stan,
	author = {Carpenter, Bob and Gelman, Andrew and Hoffman, Matthew D and Lee, Daniel and Goodrich, Ben and Betancourt, Michael and Brubaker, Marcus and Guo, Jiqiang and Li, Peter and Riddell, Allen},
	date-added = {2021-08-09 18:26:13 +1200},
	date-modified = {2021-08-09 18:26:13 +1200},
	journal = {Journal of statistical software},
	number = {1},
	pages = {1--32},
	title = {Stan: A probabilistic programming language},
	volume = {76},
	year = {2017}}

@webpage{oneill2002,
	author = {Tim O'Neill},
	date-added = {2021-07-21 12:33:41 +1200},
	date-modified = {2021-07-21 13:34:59 +1200},
	month = {June},
	title = {Grade Theory?},
	url = {https://web.archive.org/web/20020609071230/http://www.australianbouldering.com:80/table.html},
	year = {2002},
	Bdsk-Url-1 = {https://web.archive.org/web/20020609071230/http://www.australianbouldering.com:80/table.html}}

@inproceedings{coulom2008whole,
	author = {Coulom, R{\'e}mi},
	booktitle = {International Conference on Computers and Games},
	date-added = {2021-07-19 13:15:37 +1200},
	date-modified = {2021-07-19 13:15:37 +1200},
	organization = {Springer},
	pages = {113--124},
	title = {Whole-history rating: A Bayesian rating system for players of time-varying strength},
	year = {2008}}

@article{scarff2020estimation,
	author = {Scarff, Dean},
	date-added = {2021-07-13 13:01:22 +1200},
	date-modified = {2021-07-13 13:01:22 +1200},
	journal = {arXiv preprint arXiv:2001.05388},
	title = {Estimation of Climbing Route Difficulty using Whole-History Rating},
	year = {2020}}

@article{draper2015comparative,
	author = {Draper, Nick and Giles, David and Sch{\"o}ffl, Volker and Konstantin Fuss, Franz and Watts, Phillip and Wolf, Peter and Bal{\'a}{\v{s}}, Ji{\v{r}}{\'\i} and Espana-Romero, Vanesa and Blunt Gonzalez, Gina and Fryer, Simon and others},
	date-added = {2021-07-13 12:36:38 +1200},
	date-modified = {2021-07-13 12:36:38 +1200},
	journal = {Sports Technology},
	number = {3-4},
	pages = {88--94},
	publisher = {Taylor \& Francis},
	title = {Comparative grading scales, statistical analyses, climber descriptors and ability grouping: International Rock Climbing Research Association position statement},
	volume = {8},
	year = {2015}}

@article{delignieres1993psychophysical,
	author = {Deligni{\`e}res, Didier and Famose, Jean-Pierre and Th{\'e}paut-Mathieu, Chantalle and Fleurance, Philippe and others},
	date-added = {2021-07-13 12:35:34 +1200},
	date-modified = {2021-07-13 12:35:34 +1200},
	journal = {International Journal of Sport Psychology},
	pages = {404--404},
	publisher = {EDIZIONE L POZZI},
	title = {A psychophysical study of difficulty rating in rock climbing},
	volume = {24},
	year = {1993}}
